@article{a,
	
	author = {Emmanuel Chukwujioke},
	title = {Wireless Power Transfer : The future},
	year = {2015},
	journal = {International Journal of Scientific and Engineering Research},
	howpublished = {\url{https://www.ijser.org/paper/Wireless-Power-Transfer-The-future.html}}
	
}

@article{b,
	
	author = {Moore, Julian, Castellanos - University of York},
	title = {Applications of Wireless Power Transfer in Medicine : State-of-the-Art Reviews},
	year = {2019},
	journal = {Journal of biomedical optics},
	howpublished = {\url{https://eprints.whiterose.ac.uk/156535/1/Moore2019_Article_ApplicationsOfWirelessPowerTra.pdf}}
	
}

@misc{c,
	
	author = {Mengyang Li},
	title = {Study on Wireless Power Transfer Technology Toward the Application for Cardiac Pacemaker},
	journal = {},
	howpublished = {\url{https://siyss20.ungaforskare.se/Mengyang.li_report.pdf}}
	
}

@misc{d,
	
	author = {Doug Stovall},
	title = {How Real Wireless Power Will Enable a More Sustainable Future},
	howpublished = {\url{https://blog.ossia.com/how-real-wireless-power-will-enable-a-more-sustainable-future}}
	
}

@article{teslinClanak,

	author = {Nikola Tesla},
	journal = {Century magazine},
	title = {The Problem of Increasing Human Energy},
	year = {1900},
	url = {{https://teslasciencecenter.org/wp-content/uploads/2022/04/THE-PROBLEM-OF-INCREASING-HUMAN-ENERGY_Century_Magazine.pdf}}
}

@article{teslinPromasaj,

	journal = {Export American Industries},
	author = {H. Winfield Secor},
	year = {1916},
	url = {http://www.teslacollection.com/tesla_articles/1916/export_american_industries/h_winfield_secor/tesla_s_million_dollar_folly}
}

@article{intervju1926,

	author = {John B. Kennedy},
	journal = {Collier magazine},
	year = {1926},
	url = {https://www.organism.earth/library/document/colliers-interview-nikola-tesla}
}

@article{izgubljeniTalasi,

	author={David Wunsch, A.},
	journal={Proceedings of the IEEE}, 
	title={Nikola Teslaâ€™s True Wireless: A Paradigm Missed [Scanning Our Past]}, 
	year={2018},
	volume={106},
	pages={1115-1123}
}

@article{teorija,
	
	author = {W. Bernard Carlson},
	title = {Tesla: Inventor of the Electrical Age},
	year = {2013},
	journal = {Princeton University Press},
	page = {301}
}

@misc{stojeciTalasi,
  title = {Standing wave},
  howpublished = {\url{https://www.britannica.com/science/standing-wave-physics}},
  note = {Pogledano: 14.11.2022.}
}


@misc{ enwiki:1118144890,
    author = "{Wikipedia contributors}",
    title = "Wireless power transfer --- {Wikipedia}{,} The Free Encyclopedia",
    year = "2022",
    howpublished = "\url{https://en.wikipedia.org/w/index.php?title=Wireless_power_transfer&oldid=1118144890}",
    note = "[Online; accessed 21-November-2022]"
  }
  
  
  @article{brown1996history,
  title={The history of wireless power transmission},
  author={Brown, William C},
  journal={Solar energy},
  volume={56},
  number={1},
  pages={3--21},
  year={1996},
  publisher={Elsevier}
}

@article{razgovorsaplanetama,

	title={Talking With The Planets},
	author={Nikola Tesla},
	journal={Collier magazine},
	year={1901}
}

