@article{1,
	
	author = {Emmanuel Chukwujioke},
	title = {Wireless Power Transfer : The future},
	year = {2015},
	note = {https://www.ijser.org/paper/Wireless-Power-Transfer-The-future.html},
	
}

@article{2,
	
	author = {Moore, Julian, Castellanos - University of York},
	title = {Applications of Wireless Power Transfer in Medicine : State-of-the-Art Reviews},
	year = {2019},
	note = {https://eprints.whiterose.ac.uk/156535/1/Moore2019_Article_ApplicationsOfWirelessPowerTra.pdf},
	
}

@article{3,
	
	author = {Mengyang Li},
	title = {Study on Wireless Power Transfer Technology Toward the Application for Cardiac Pacemaker},
	year = {unknown},
	note = {https://siyss20.ungaforskare.se/Mengyang.li_report.pdf},
	
}

@article{4,
	
	author = {Doug Stovall},
	title = {How Real Wireless Power Will Enable a More Sustainable Future},
	year = {unknown},
	note = {https://blog.ossia.com/how-real-wireless-power-will-enable-a-more-sustainable-future},
	
}
